% This file was created with JabRef 2.7b.
% Encoding: ISO8859_1

%@STRING{efmj = {Emir Mu{\~n}oz Jim{\'e}nez}}
%......................................................................................
%----------------BIBLIOGRAFÍA RELACIONADA CON IMPRESIÓN 3D Y FABRICACIÓN DIGITAL-------
%......................................................................................
@Book{Berchon2014,
author = {Mathilde Berchon and Bertier Luyt},
title = {La impresión 3D: Guía definitiva para makers, diseñadores, estudiantes profesionales, artistas y manitas en general},
publisher = {Editorial Gustavo Gill},
year = {2014},
OPTkey = {•},
OPTvolume = {•},
OPTnumber = {•},
OPTseries = {•},
OPTaddress = {•},
OPTedition = {•},
OPTmonth = {•},
OPTnote = {•},
OPTannote = {•},
}

@article{Dudek2013,
author = {Dudek, Piotr},
year = {2013},
month = {12},
pages = {},
title = {FDM 3D Printing Technology in Manufacturing Composite Elements},
volume = {58},
journal = {Archives of Metallurgy and Materials},
doi = {10.2478/amm-2013-0186}
}

@Misc{3dhub2018,
OPTkey = {What is 3D printing? The definitive guide},
author = {3Dhub},
title = {What is 3D printing? The definitive guide},
howpublished = {https://www.3dhubs.com/guides/3d-printing/},
year = {2018},
}

@book{jorquera2016,
  title={Fabricaci{\'o}n digital: Introducci{\'o}n al modelado e impresi{\'o}n 3D},
  author={Jorquera Ortega, Adam},
  year={2016},
  publisher={Ministerio de Educaci{\'o}n, Cultura y Deporte},
}

@Misc{leao2017,
OPTkey = {CAD vs CAE vs CAM: What is the Difference?},
author = {Lucas leao},
title = {CAD vs CAE vs CAM: What is the Difference?},
howpublished = {https://www.e3seriescenters.com/modern-electrical-engineering-blog/cad-vs-cae-vs-cam-what-is-the-difference/},
year = {2017},
}

%Introducción
@book{lipson2015,
  title={La revoluci{\'o}n de la impresi{\'o}n 3D: el presente y el futuro de una m{\'a}quina que puede crear (casi) cualquier cosa},
  author={Lipson, Hod and Kurman, Melba},
  year={2015},
  publisher={Anaya multimedia (GA)},
}





