@article{Codishetal2000,
  author = "M. Codish and K. Marriott and C.K. Taboch",
  title = "Improving program analyses by structure untupling",
  journal = "Journal of Logic Programming",
  volume = "43",
  issue = "3",
  pages = "251--263",
  year = 2000
}

@article{MeriaudeauS15,
  author    = {Fabrice M{\'{e}}riaudeau and
               Amir Malik Saeed},
  title     = {Special Section Guest Editorial: Special Section on Quality Control
               by Artificial Vision: Nonconventional Imaging Systems},
  journal   = {J. Electronic Imaging},
  volume    = {24},
  number    = {6},
  pages     = {061101},
  year      = {2015}
}

@misc{delgado2016exposicion,
  author = {Felipe Delgado},
  title = {\textit{Piñera es el presidenciable con más exposición en la prensa según investigación Usach }},
  year = {2016},
  howpublished = {Recuperado el Martes 29 de Julio de 2016, de \url{http://www.biobiochile.cl/noticias/nacional/politica/2016/06/20/pinera-es-el-presidenciable-con-mas-exposicion-en-la-prensa-segun-investigacion} \url{-usach.shtml}}
}