% This file was created with JabRef 2.7b.
% Encoding: ISO8859_1

%@STRING{efmj = {Emir Mu{\~n}oz Jim{\'e}nez}}
%......................................................................................
%----------------BIBLIOGRAFÍA RELACIONADA CON IMPRESIÓN 3D Y FABRICACIÓN DIGITAL-------
%......................................................................................
@Book{Berchon2014,
author = {Mathilde Berchon and Bertier Luyt},
title = {La impresión 3D: Guía definitiva para makers, diseñadores, estudiantes profesionales, artistas y manitas en general},
publisher = {Editorial Gustavo Gill},
year = {2014},
}

@article{Dudek2013,
author = {Dudek, Piotr},
year = {2013},
month = {12},
pages = {},
title = {FDM 3D Printing Technology in Manufacturing Composite Elements},
volume = {58},
journal = {Archives of Metallurgy and Materials},
doi = {10.2478/amm-2013-0186},
}

@Misc{tresdhub2018,
author = {3Dhub},
title = {What is 3D printing? The definitive guide},
howpublished = {Recuperado de: https://www.3dhubs.com/guides/3d-printing/},
year = {2018},
}

@book{jorquera2016,
  title={Fabricaci{\'o}n digital: Introducci{\'o}n al modelado e impresi{\'o}n 3D},
author={Jorquera Ortega, Adam},
year={2016},
publisher={Ministerio de Educaci{\'o}n, Cultura y Deporte},
}

@Misc{leao2017,
key = {CAD vs CAE vs CAM: What is the Difference?},
author = {Lucas leao},
title = {CAD vs CAE vs CAM: What is the Difference?},
howpublished = {Recuperado de: https://www.e3seriescenters.com/modern-electrical-engineering-blog/cad-vs-cae-vs-cam-what-is-the-difference/},
year = {2017},
}

@Misc{maxey2013,
author = {Kyle Maxey},
title = {Infographic: The History of 3d Printing},
howpublished = {Recuperado de: engineering.com/3DPrinting/3DPrintingArticles/ArticleID/6262/Infographic-The-History-of-3D-Printing.aspx},
year = {2013},
}

@Misc{tresdsourced2020,
author = {3dsourced},
title = {The Complete History of 3D Printing: From 1980 to 2020},
howpublished = {Recuperado de: https://engineering.com/3DPrinting/3DPrintingArticles/ArticleID/6262/Infographic-The-History-of-3D-Printing.aspx},
year = {2020},
}

@Misc{alltresdp2018,
author = {Leo Greguric},
title = {History of 3D Printing: When Was 3D Printing Invented},
howpublished = {Recuperado de: https://all3dp.com/2/history-of-3d-printing-when-was-3d-printing-invented/},
year = {2018},
}

@Book{gonzalez2005,
author = {Francisco González Fernández},
title = {Teoría y práctica del Mantenimiento Industrial Avanzado},
publisher = {Fundación Confemetal},
year = {2005},
}

@Book{garcia2012,
author = {Oliverio García Palencia},
title = {Gestión Moderna del Mantenimiento Industrial},
publisher = {Ediciones de la U},
year = {2012},
}

@Book{shenoy2005,
author = {Dinesh Shenoy},
title = {Maintenance Resources Management Adapting MRP},
publisher = {Taylor \& Francis e-Library},
year = {2005},
}

@MastersThesis{louis2012,
author = {Louis Arun},
title = {Proposal for the fourth generation of maintenance and the future trends \& challenges in production},
school = {Mälardalen University Sweden},
year = {2012},
}

@Article{hide2013,
author = {Malcolm Hide},
title = {Fourh Generation Maintenance},
journal = {Strategic Maintenance Ltd},
year = {2013},
}

@Article{houle2016,
author = {Louis Houle},
title = {Fourth-Generation Maintenance},
journal = {Technical Quarterly},
year = {2016},
}

@Book{mosquera1995,
author = {Genaro Mosquera},
title = {Disponibilidad y confiabilidad de sistemas industriales},
publisher = {Centro de Estudios Gerenciales Instituto Superior de Investigación y Desarrollo},
year = {1995},
}

@Misc{sifonte2017,
author = {Jesús Sifonte},
title = {Norma SAE JA1011 – Criterios de Evaluación para Procesos de Mantenimiento Centrado en Confiabilidad (RCM)},
howpublished = {Recuperado de: http://www.pdmtechusa.com/criterios-evaluacion-rcm/},
year = {2017},
}


@Manual{saeja1011,
title = {SAE JA1011: Evaluation Criteria for Reliability-Centred Maintenance(RCM) Processes},
author = {SAE},
organization = {The Engineering Society For Advancing Mobility Land, Sea Air and Space},
year = {1999},
}

@Book{gomez1998,
author = {Félix Gómez de León},
title = {Tecnologías del Mantenimiento Industrial},
publisher = {Universidad de Murcia. Servicio de Publicaciones},
year = {1998},
}

@Book{garcia2010,
author = {Santiago García Garrido},
title = {Organización y Gestión Integral el Mantenimiento},
publisher = {Ediciones Díaz de Santos, S.A.},
year = {2010},
}

@Article{aransyash2019,
author = {Dedy Aransyash and Francesco Rosa and Giorgio Colombo},
title = {Smart Maintenance: A Wearable Augmented Reality Application Integrated with CMMS to Minmize Unsheduled Downtime},
journal = {Computer-Aidded Design and Applications},
year = {2019},
}

@Article{fera2018,
author = {Marcello Fera and Roberto Macchiaroli and Fabio Fruggiero and Alfredo Lambiase},
title = {Production Managment Fundamentals for Additive Manufacturing},
journal = {IntechOpen},
year = {2018},
}



@Misc{cruz2018,
author = {Bernardo Cruz},
title = {Aplicación de modelo RCM bajo las normas SAE JA1011 y JA1012 para mejorar la gestión de mantenimiento en la máquina flexoplegadora de cartón Martin 618 },
howpublished = {Universidad de Santiago de Chile},
year = {2018},
}

@Misc{renstrom2012,
author = {Joelle Renstrom},
title = {Monkey See, Monkey Make},
howpublished = {Recuperado de: https://couldthishappen.com/2012/02/monkey-see-monkey-make/ },
year = {2012},
}

@Misc{torre2013,
author = {Roman Torre},
title = {Apuntes sobre el proyecto RepRap},
howpublished = {Recuperado de: http://www.laboralcentrodearte.org/es/files/2013/bloglaboral/apuntes-sobre-el-proyecto-reprap },
year = {2013},
}

@Misc{alltresdp2016,
author = {All3DP},
title = {The Official History of the RepRap Project},
howpublished = {Recuperado de: https://all3dp.com/history-of-the-reprap-project/ },
year = {2016},
}

@Misc{donovan2019,
author = {Donovan Alexander},
title = {Start Your Own 3D Printing Business: 11 Interesting Cases of Companies Using 3D Printing},
howpublished = {Recuperado de: https://int
erestingengineering.com/start-your-own-3d-printing-business-11-interesting-cases-of-companies-using-3d-printing },
year ={2019},
}

@Manual{iso2015,
title = {ISO/ASTM 52900:2015 Additive manufacturing-General principles-Terminology},
author = {ISO},
organization = {International Organization for Standardization},
year = {2015},
}

@Manual{astm2013,
title = {Standard Terminology for Additive Manufacturing Technologies},
OPTkey = {•},
author = {ASTM},
organization = {American Society of Testing Materials},
OPTaddress = {•},
OPTedition = {•},
OPTmonth = {•},
year = {2013},
OPTnote = {•},
OPTannote = {•}
}


@Misc{valdivieso2019,
OPTkey = {•},
author = {Carlota Valdivieso},
title = {Gartner Hype Cycle 2019: 3D Printing Predictions},
howpublished = {Recuperado de: https://www.3dnatives.com/en/gartner-hype-cycle-3dprintingpredictions-150120194/ },
OPTmonth = {•},
year = {2019},
OPTnote = {•},
OPTannote = {•}
}

@Article{pdudek2013,
author = {Piotr Dudek},
title = {FDM 3D PRINTING TECHNOLOGY IN MANUFACTURING COMPOSITE ELEMENTS
},
journal = {Archives Of Metallurgy and Materials},
year = {2013},
OPTkey = {•},
volume = {58},
OPTnumber = {•},
OPTpages = {•},
OPTmonth = {•},
OPTnote = {•},
OPTannote = {•}
}

@Misc{bournias2017,
OPTkey = {•},
author = {Alkaios Bournias},
title = {Introduction to FDM 3D printing},
howpublished = {Recuperado de: https://www.3dhubs.com/knowledge-base/introduction-fdm-3d-printing/},
OPTmonth = {•},
year = {2017},
OPTnote = {•},
OPTannote = {•}
}

@Misc{b3dsourced2020,
OPTkey = {•},
author = {3DSourced},
title = {The 4 Types of FDM 3D Printer Explained (Cartesian, Delta, Polar and Scara)},
howpublished = {Recuperado de: https://3dsourced.com/3d-printers/types-of-fdm-3d-printer-cartesian-delta/ },
OPTmonth = {•},
year = {2020},
OPTnote = {•},
OPTannote = {•}
}

@InProceedings{takamori2018,
author = {Ryoma Takamori},
title = {Growable Robot with Additive-Additive-Manufacturing},
booktitle = {Conference on Human Factors in Computing},
OPTcrossref = {•},
OPTkey = {•},
OPTpages = {•},
year = {2018},
OPTeditor = {•},
OPTvolume = {•},
OPTnumber = {•},
OPTseries = {•},
OPTaddress = {•},
OPTmonth = {•},
OPTorganization = {•},
OPTpublisher = {•},
OPTnote = {•},
OPTannote = {•}
}

@Article{saygin2016,
author = {Ahmet Saygin and Abdulla Cakan and Mustafa Tinkir},
title = {Modeling And Position Control Of Scara Type 3D Printer},
journal = {NTERNATIONAL JOURNAL OF SCIENTIFIC AND TECHNOLOGY RESEARCH},
year = {2016},
OPTkey = {•},
OPTvolume = {•},
OPTnumber = {•},
OPTpages = {•},
OPTmonth = {•},
OPTnote = {•},
OPTannote = {•}
}


@Manual{iso2016,
title = {Petroleum , petrochemical and
natural gas industries — Collection
and exchange of reliab ility and
maintenance data for equipment
},
OPTkey = {•},
author = {ISO},
organization = {International Organization for Standardization},
OPTaddress = {•},
OPTedition = {•},
OPTmonth = {•},
year = {2016},
OPTnote = {•},
OPTannote = {•}
}

@Manual{iso2018,
title = {Condition monitoring and diagnostics
of machines — General guidelines},
OPTkey = {•},
author = {ISO},
organization = {International Organization for Standardization},
OPTaddress = {•},
OPTedition = {•},
OPTmonth = {•},
year = {2018},
OPTnote = {•},
OPTannote = {•}
}


@Manual{jimenez2015,
title = {Mantenimiento preventivo de sistemas de automatización industrial},
OPTkey = {•},
author = {Fernando Jimenez},
organization = {IC Editorial},
OPTaddress = {•},
OPTedition = {•},
OPTmonth = {•},
year = {2015},
OPTnote = {•},
OPTannote = {•}
}




%Introducción
@book{lipson2015,
  title={La revoluci{\'o}n de la impresi{\'o}n 3D: el presente y el futuro de una m{\'a}quina que puede crear (casi) cualquier cosa},
  author={Lipson, Hod and Kurman, Melba},
  year={2015},
  publisher={Anaya multimedia (GA)},
}

@Misc{dairo2016,
author = {Dairo Mesa},
title = {La confiabilidad, la disponibilidad y la mantenibilidad, disciplinas modernas aplicadas al mantenimiento},
month = {Mayo},
year = {2006},
publisher = {Scientia et Technica},
}








